<record xmlns="http://www.loc.gov/MARC21/slim" xmlns:xsi="http://www.w3.org/2001/XMLSchema-instance" xsi:schemaLocation="http://www.loc.gov/MARC21/slim http://www.loc.gov/standards/marcxml/schema/MARC21slim.xsd"><leader>     nam a22        4500</leader><controlfield tag="001">002138738</controlfield><controlfield tag="003">NNU</controlfield><controlfield tag="006">m        d        </controlfield><controlfield tag="007">cr cn |||m|||a</controlfield><controlfield tag="008">150313s1963    iq ac   o     000 1 ara d</controlfield><datafield ind1=" " ind2=" " tag="040"><subfield code="a">NNU</subfield><subfield code="b">eng</subfield><subfield code="c">NNU</subfield></datafield><datafield ind1=" " ind2=" " tag="066"><subfield code="c">(3</subfield></datafield><datafield ind1=" " ind2=" " tag="090"><subfield code="a">PJ7846.A5197</subfield><subfield code="b">I72 1963</subfield></datafield><datafield ind1="1" ind2=" " tag="100"><subfield code="6">880-01</subfield><subfield code="a">Mal&#257;&#700;ikah, &#699;Abd al-&#7778;&#257;&#7717;ib</subfield></datafield><datafield ind1="1" ind2="0" tag="245"><subfield code="6">880-02</subfield><subfield code="a">Ir&#257;dat al-&#7717;ay&#257;h</subfield><subfield code="h">[electronic resource] :</subfield><subfield code="b">sh&#699;ir /</subfield><subfield code="c">&#699;Abd al-&#7778;&#257;&#7717;ib al-Mal&#257;&#700;ikah.</subfield></datafield><datafield ind1=" " ind2=" " tag="260"><subfield code="6">880-03</subfield><subfield code="a">[Baghdad] :</subfield><subfield code="b">Wiz&#257;rat al-Ma&#699;&#257;rif al-Jal&#299;lah,</subfield><subfield code="c">[1963]</subfield></datafield><datafield ind1=" " ind2=" " tag="300"><subfield code="a">online resource (136 p.) :</subfield><subfield code="b">ill., port.</subfield></datafield><datafield ind1=" " ind2=" " tag="500"><subfield code="a">Poems.</subfield></datafield><datafield ind1=" " ind2=" " tag="500"><subfield code="a">Partially vocalized.</subfield></datafield><datafield ind1=" " ind2=" " tag="500"><subfield code="a">Part of the Arabic Collections Online (ACO) project, contributed by New York Univeristy Libraries.</subfield></datafield><datafield ind1=" " ind2=" " tag="533"><subfield code="a">Electronic reproduction.</subfield><subfield code="b">New York, N.Y. :</subfield><subfield code="c">New York University,</subfield><subfield code="d">2015.</subfield><subfield code="5">NNU</subfield></datafield><datafield ind1="2" ind2=" " tag="710"><subfield code="a">New York University.</subfield><subfield code="b">Libraries.</subfield></datafield><datafield ind1="0" ind2=" " tag="730"><subfield code="a">Arabic Collections Online.</subfield></datafield><datafield ind1="0" ind2="8" tag="776"><subfield code="i">Print version:</subfield><subfield code="a">Mal&#257;&#700;ikah, &#699;Abd al-&#7778;&#257;&#7717;ib 880-01</subfield><subfield code="t">Ir&#257;dat al-&#7717;ay&#257;h</subfield><subfield code="w">(NNU)002138738</subfield></datafield><datafield ind1="4" ind2="0" tag="856"><subfield code="u">http://hdl.handle.net/2333.1/3j9kd7bd</subfield></datafield><datafield ind1="0" ind2=" " tag="880"><subfield code="6">100-01/</subfield><subfield code="a">&#1593;&#1576;&#1583; &#1575;&#1604;&#1589;&#1575;&#1581;&#1576; &#1575;&#1604;&#1605;&#1604;&#1575;&#1574;&#1603;&#1577;.</subfield></datafield><datafield ind1="1" ind2="0" tag="880"><subfield code="6">245-02/</subfield><subfield code="a">&#1575;&#1585;&#1575;&#1583;&#1577; &#1575;&#1604;&#1581;&#1610;&#1575;&#1577; :</subfield><subfield code="b">&#1588;&#1593;&#1585; /</subfield><subfield code="c">&#1593;&#1576;&#1583; &#1575;&#1604;&#1589;&#1575;&#1581;&#1576; &#1575;&#1604;&#1605;&#1604;&#1575;&#1574;&#1603;&#1577;.</subfield></datafield><datafield ind1=" " ind2=" " tag="880"><subfield code="6">260-03/</subfield><subfield code="a">[Baghdad] :</subfield><subfield code="b">&#1608;&#1586;&#1575;&#1585;&#1577; &#1575;&#1604;&#1605;&#1593;&#1575;&#1585;&#1601; &#1575;&#1604;&#1580;&#1604;&#1610;&#1604;&#1577;&#1548;</subfield><subfield code="c">[1963]</subfield></datafield><datafield ind1=" " ind2=" " tag="959"><subfield code="a">NNU</subfield><subfield code="b">WEB</subfield><subfield code="c">GENI</subfield><subfield code="t">0</subfield><subfield code="m">Electronic access</subfield><subfield code="s">01</subfield></datafield><datafield ind1=" " ind2=" " tag="999"><subfield code="i">NNU_002138738</subfield><subfield code="s">nyu_aco000536</subfield></datafield></record>